<?xml version="1.0" encoding="UTF-8"?><collection xmlns="http://www.loc.gov/MARC21/slim"><record><leader>00433nam--2200145-i-4500</leader><controlfield tag="001">000011864</controlfield><controlfield tag="002">20161230</controlfield><controlfield tag="005">20161230201029</controlfield><controlfield tag="008">060222s1000------------r-----000-0-eng-d</controlfield><datafield ind1=" " ind2=" " tag="080"><subfield code="a">515.173</subfield></datafield><datafield ind1=" " ind2=" " tag="100"><subfield code="a">Banica, Consttantin And Stanasila, Octavian</subfield></datafield><datafield ind1=" " ind2=" " tag="245"><subfield code="a">Algebraic methods in the global theory of complex spaces</subfield></datafield><datafield ind1=" " ind2=" " tag="260"><subfield code="a">Bucuresti, Editura Academiei, 1976. 296 P</subfield></datafield><datafield ind1=" " ind2=" " tag="852"><subfield code="a">43905</subfield><subfield code="c">515/516</subfield></datafield><datafield ind1=" " ind2=" " tag="CAT"><subfield code="a">Sys</subfield><subfield code="c">20080612</subfield><subfield code="h">074007</subfield></datafield></record></collection>